@Book{axler:1997,
  author = 	 {Sheldon Axler},
  title = 	 {Linear Algebra Done Right},
  publisher = 	 {Springer},
  year = 	 {1997},
  edition = 	 {2nd},
}

@Article{cantor:1895,
  author =      {Georg Cantor},
  title =       {Beiträge zur {B}egründung der transfiniten {M}engenlehre},
  journal =     {Mathematische Annalen},
  year =        {1895},
  volume =      {46},
  pages =       {481--512}
}

@Book{fischer:2008,
  author = 	 {Gerd Fischer},
  title = 	 {Lineare Algebra},
  publisher = 	 {Vieweg+Teubner Verlag},
  year = 	 {2008},
  edition = 	 {16th}
}

@Book{kowalsky:2003,
  author = 	 {Hans-Joachim Kowalsky},
  title = 	 {Lineare Algebra},
  publisher = 	 {deGruyter},
  year = 	 {2003},
  edition = 	 {12th}
}

@Book{lipschutz:1998,
  author =      {Seymour  Lipschutz},
  year =        {1998},
  title =       {Set Theory and Related Topics},
  publisher =   {McGraw-Hill, New York},
}

@Book{lipschutz:2012,
  author = 	 {Seymour Lipschutz and Marc Lipson},
  title = 	 {Linear Algebra},
  publisher = 	 {McGraw-Hill},
  year = 	 {2012},
  edition = 	 {5th}
}

@Article{rivest:78,
  author = 	 {R. L. Rivest and A. Shamir and L. Adleman},
  title = 	 {A {M}ethod for {O}btaining {D}igital {S}ignatures and {P}ublic-{K}ey {C}rypto-{S}ystems},
  journal = 	 {Communications of the ACM},
  year = 	 {1978},
  volume = 	 {21},
  number = 	 {2},
  pages = 	 {120-126},
}

